@book{Thrun,
author = {Thrun, Sebastian and Burgard, Wolfram and Fox, Dieter},
title = {Probabilistic Robotics (Intelligent Robotics and Autonomous Agents)},
year = {2005},
isbn = {0262201623},
publisher = {The MIT Press},
}



@ARTICLE{Grisetti,
author={Grisetti, G. and KuÌˆmmerle, R. and Stachniss, C. and Burgard, W.},
journal={Intelligent Transportation Systems Magazine, IEEE}, title={A Tutorial on Graph-Based SLAM},
year={2010},
volume={2},
number={4},
pages={31 -43},
keywords={Global Positioning System;Graph theory;Mapping;Mobile robots;Tutorials;SLAM (robots);mobile robots;path planning;graph based SLAM;least square error minimization;mobile robot;navigation;simultaneous localization and mapping;spatial configuration;},
doi={10.1109/MITS.2010.939925},
ISSN={1939-1390},
}

@conference {Quigley,
title = {ROS: an open-source Robot Operating System},
booktitle = {ICRA Workshop on Open Source Software},
year = {2009},
attachments = {http://www.willowgarage.com/sites/default/files/icraoss09-ROS.pdf},
author = {Morgan Quigley and Ken Conley and Brian P. Gerkey and Josh Faust and Tully Foote and Jeremy Leibs and Rob Wheeler and Andrew Y. Ng}
}

@article{Kramer,
author = {Kramer, James and Scheutz, Matthias},
title = {Development environments for autonomous mobile robots: A survey},
journal = {Auton. Robots},
issue_date = {February  2007},
volume = {22},
number = {2},
year = {2007},
issn = {0929-5593},
pages = {101--132},
numpages = {32},
url = {http://dx.doi.org/10.1007/s10514-006-9013-8},
doi = {10.1007/s10514-006-9013-8},
acmid = {1231373},
publisher = {Kluwer Academic Publishers},
address = {Hingham, MA, USA},
keywords = {Comparison, Programming environment, Robotics, Software},
}

@inproceedings{Keidar,
author = {Keidar, Matan and Kaminka, Gal A.},
title = {Robot exploration with fast frontier detection: theory and experiments},
booktitle = {Proceedings of the 11th International Conference on Autonomous Agents and Multiagent Systems - Volume 1},
series = {AAMAS '12},
year = {2012},
isbn = {0-9817381-1-7, 978-0-9817381-1-6},
location = {Valencia, Spain},
pages = {113--120},
numpages = {8},
url = {http://dl.acm.org/citation.cfm?id=2343576.2343592},
acmid = {2343592},
publisher = {International Foundation for Autonomous Agents and Multiagent Systems},
address = {Richland, SC},
keywords = {exploration, frontier, laser, robot},
}

@inproceedings{Yamauchi,
author = {Yamauchi, Brian},
title = {Frontier-based exploration using multiple robots},
booktitle = {Proceedings of the second international conference on Autonomous agents},
series = {AGENTS '98},
year = {1998},
isbn = {0-89791-983-1},
location = {Minneapolis, Minnesota, USA},
pages = {47--53},
numpages = {7},
url = {http://doi.acm.org/10.1145/280765.280773},
doi = {10.1145/280765.280773},
acmid = {280773},
publisher = {ACM},
address = {New York, NY, USA},
keywords = {exploration, map-building, mobile robots, multi-agent coordination, multi-robot teams},
} 

@misc{occupancy,
author = {ROS homepage},
title = {{nav\_msgs/OccupancyGrid.msg}},
howpublished = "\url{http://www.ros.org/doc/api/nav\_msgs/html/msg/OccupancyGrid.html}",
year = {2012},
note = "[Online; accessed 15-December-2012]"
}
@misc{swarmlab,
author = {Swarmlab, Department of Knowledge Engineering, Faculty of Humanities and Science, Maastricht University},
title = {{Installation instructions}},
howpublished = "\url{http://swarmlab.unimaas.nl/autonomous-systems/installation/}",
year = {2012},
note = "[Online; accessed 10-September-2012]"
}